@ARTICLE {muonTDC1_1,
    author  = "J. Marteau and J. De Bremond D'ars and D. Gibert and K. Jourde and S. Gardien and C. Girerd and J. C. Ianigro",
    title   = "Implementation of sub-nanoseconds TDC in FPGA: applications to time-of-fight analysis in muon radiography",
    journal = "Meas. Sci. Tech 25,",
    year    = "2014",
    volume  = "25",
    pages   = "035101"
}
@INPROCEEDINGS {fpgaTDC2_2,
    author    = "J. Wu and S. Hansen and Z. Shi",
    title     = "ADC and TDC Implemented Using FPGA",
    booktitle = "2007 IEEE Nuclear Science Symposium Conference Record",
    volume    = "1",
    pages     = "281-286"
}
@ARTICLE {SimilarTDCOnVirtex5_3,
    author  = "Alessandro Balla and Matteo Mario Beretta and Paolo Ciambrone and Maurizio Gatta and Francesco Gonnella and Lorenzo Iafolla and Matteo Mascolo and Roberto Messi and Dario Moricciani and Domenico Riondino",
    title   = "The characterization and application of a low resource FPGA-based time to digital converter",
    journal = "Nucl. Instrum. Methods Phys. Research A,",
    year    = "2014",
    volume  = "739",
    number  = "1",
    pages   = "75-82"
}
@ARTICLE {HighEndTDC1_4,
    author  = "M. Zhang and H. Wang and Y. Liu",
    title   = "A 7.4 ps FPGA-Based TDC with a 1024-Unit Measurement Matrix",
    journal = "Sensors",
    year    = "2017",
    volume  = "17",
    number  = "865"
}
@INPROCEEDINGS {HighEndTDC2_5,
    author    = "C. Favi and E. Charbon",
    title     = "A 17ps Time-to-Digital Converter Implemented in 65nm FPGA Technology",
    booktitle = "FPGA '09: Proceedings of the ACM/SIGDA international symposium on Field programmable gate arrays",
    pages     = "113–120"
}
@ARTICLE {HighEndTDC3_6,
    author  = "G. Cao and H. Xia and N. Dong",
    title   = "An 18-ps TDC using timing adjustment and bin realignment methods in a Cyclone-IV FPGA",
    journal = "Rev. Sci. Instrum.",
    year    = "2018",
    volume  = "89",
    pages   = "054707"
}
@ARTICLE {ComparableTDC_7,
    author  = "Kalisz, J. Szplet, R.Pasierbinski, J.Poniecki",
    title   = "A Field-programmable gate-array-based time-to-digital converter with 200-ps resolution",
    journal = "IEEE Trans. Instrum. Meas.",
    volume  = "46",
    number  = "1",
    pages   = "51-55"
}
@ARTICLE {PETTDC1_8,
    author  = "Chao Wang and Hongdi Li and Yuxuan Zhang and Hossain Baghaei and Rocio Ramirez and Shitao Liu and Shaohui An and Wai-Hoi Wong",
    title   = "A real time coincidence system for high count-rate TOF or Non-TOF PET cameras using hybrid method combining AND-logic and time-mark technology",
    journal = "IEEE Trans. Nucl. Sci.",
    year    = "2019",
    volume  = "57",
    number  = "2",
    pages   = "708-714",
    month   = "April"
}
@INPROCEEDINGS {AnalogCircuitTDC_9,
    author    = "Rong Shu and Genghua Huang and Libing Hou and Zhiping He and Yihua Hu",
    title     = "Multi-channel photon counting three-dimensional imaging laser radar system using fiber array coupled Geiger-mode avalanche photodiode",
    booktitle = "ElectroOptical Remote Sensing, Photonic Technologies, and Applications VI",
    volume    = "8542",
    pages     = "85420C"
}
@ARTICLE {CommercialTDC_10,
    author  = "A. Neisera and J. Adamczewski-Musch and M. Hoeka and W. Koenig and G. Korcyl and S. Linev and L. Maier and J. Michel and M. Palka and M. Penschuck and M. Traxler and C. Ugur and A. Zink",
    title   = "TRB3 a 264 channel high precision TDC platform and its applications",
    journal = "J. Instrum.",
    year    = "2013",
    volume  = "8",
    month   = "December"
}
@ARTICLE {aGoodTDC1_11,
    author  = "Y. H. Chen",
    title   = "Time Resolution Improvement Using Dual Delay Lines for Field-Programmable-Gate-Array-Based Time-to-Digital Converters with Real-Time Calibration",
    journal = "Appld. Sci.",
    year    = "2019",
    volume  = "9",
    number  = "20"
}
@ARTICLE {quantumComputingTDC2_12,
    author  = "Wei Li and Yi Hu and Han-sen Zhong and Yue-fei Wang and Xi-lin Wang and Cheng-zhi Peng and Xiao Jiang",
    title   = "Time-tagged coincidence counting unit for large-scale photonic quantum computing",
    journal = "Rev. Sci. Instrum.",
    year    = "2018",
    volume  = "89",
    pages   = "103113"
}
@ARTICLE {quantumComputingTDC1_13,
    author  = "Ekin Arabul and Stefano Paesani and Scott Tancock and John Rarity and Naim Dahnoun",
    title   = "A Precise High Count-Rate FPGA Based Multi-Channel Coincidence Counting System for Quantum Photonics Applications",
    journal = "IEEE Phot. J.",
    year    = "2020",
    volume  = "12",
    number  = "2",
    pages   = "1-14",
    month   = "April"
}
@INPROCEEDINGS {aGoodTDC2_14,
    author    = "P. Bifulco and V. Izzo and S. Mastroianni and A. Aloisio and R. Giordano and F. Ameli and V. Bocci and S. Cadeddu and L. Casu and A. Lai and A. Loi",
    title     = "A fully-digital and fully synthetizable TDC for high energy physics experiments",
    booktitle = "2016 Second International Conference on Event-based Control, Communication, and Signal Processing (EBCCSP)",
    pages     = "177–181"
}
@ARTICLE {LowEndTDC1_15,
    author  = "J. Song and Q. A. and S. Liu",
    title   = "A high-resolution time-to-digital converter implemented in field-programmable-gate-arrays",
    journal = "IEEE Trans. Nucl, Sci.",
    year    = "2006",
    volume  = "53",
    number  = "1",
    pages   = "236-241",
    month   = "February"
}
@INPROCEEDINGS {LowEndTDC2_16,
    author    = "Jinyuan Wu and Zonghan Shi and Irena Y. Wang",
    title     = "Firmware-only implementation of time-to-digital converter (TDC) in field-programmable gate array (FPGA)",
    booktitle = "IEEE Transactions on Nuclear Science"
}
@ARTICLE {SelfTestingSchemeTDC_17,
    author  = "J. Wang and S. Liu and Q. Shen and H. Li and Q. An",
    title   = "A Fully Fledged TDC Implemented in Field-Programmable Gate Arrays",
    journal = "IEEE Trans. Nucl, Sci.",
    year    = "2010",
    volume  = "57",
    number  = "2",
    pages   = "446-450"
}
@INPROCEEDINGS {LowEndTDC3_18,
    author    = "Tsuyoshi Suwada and Kazuro Furukawa and Fusashi Miyahara",
    title     = "Development of FPBA-Based TDC With Wide Dynamic Range for Monitoring the Trigger Timing Distribution System at the KEKB Injector Linac",
    booktitle = "International Beam Instrumentation Conference (IBIC 2015)",
    pages     = "70-74"
}
@ARTICLE {vernierTDC1_19,
    author  = "Ke Cui and Xiangyu Li and Rihong Zhu",
    title   = "A high-linearity time-to-digital converter based on dynamically delay-adjustable looped carry chains on FPGAs",
    journal = "Rev. Sci. Instrum.",
    year    = "2018",
    volume  = "89",
    pages   = "084704-1",
    month   = "July"
}
@INPROCEEDINGS {vernierTDC2_20,
    author    = "K. Ando and T. Kate and S. Saikatsu and A. Yasuda",
    title     = "A high precision vernier type delta-sigma time to digital converter",
    booktitle = "Mixed Design of Integrated Circuits and Systems, 2017 MIXDES - 24th International Conference",
    pages     = "61-66"
}
@ARTICLE {otherTypeOfTDC_21,
    author  = "D. K. Xiea and Q. C. Zhang and G. S. Qi, and D. Y. Xu",
    title   = "Cascading delay line time-to-digital converter with 75 ps resolution and a reduced number of delay cells",
    journal = "Rev. Sci. Instrum.",
    year    = "2005",
    volume  = "76",
    number  = "1",
    pages   = "014701-1",
    month   = "September"
}
@INPROCEEDINGS {PETTDC2_22,
    author    = "M. D. Fries and J. J. Williams",
    title     = "High-precision TDC in an FPGA using a 192 MHz quadrature clock",
    booktitle = "2002 IEEE Nuclear Science Symposium Conference Record",
    pages     = "580-584"
}
@INPROCEEDINGS {muonTDC2_23,
    author    = "L. Villaseñor",
    title     = "Muon Lifetime Measurement and Introduction to the use of FPGAs in Experimental Physics",
    booktitle = "AIP Conference Proceedings 1026",
    volume    = "1026",
    series    = "227",
    pages     = "227-241"
}
@ARTICLE {reviewOfTDCs_24,
    author  = "Scott Tancock and Ekin Arabul and Naim Dahnoun",
    title   = "A Review of New Time-to-Digital Conversion Techniques",
    journal = "IEEE Trans. Instrum. Meas.",
    year    = "2019",
    volume  = "68",
    number  = "10",
    pages   = "3406-2417",
    month   = "August"
}
@ARTICLE {Tac1_25,
    author  = "J. Kostamovaara and R. Myllylä",
    title   = "A time-to-amplitude converter with constant fraction timing discriminators for short time interval measurements",
    journal = "Nucl. Instrum. Methods Phys. Research A,",
    year    = "1985",
    volume  = "239",
    number  = "3",
    pages   = "568-578",
    month   = "September"
}
@ARTICLE {Tac2_26,
    author  = "P. C. Simmsm",
    title   = "Fast Coincidence System Based on a Transistorized Time to Amplitude Converter",
    journal = "Rev. Sci. Instrum.",
    year    = "1961",
    volume  = "32",
    number  = "894",
    pages   = "894-898",
    month   = "August"
}
@ARTICLE {LowEndTDC4_27,
    author  = "F. Nogrette and  D. Heurteau and R. Chang and Q. Bouton, and C. I. Westbrook and R. Sellem, and D. Clément",
    title   = "Characterization of a detector chain using a FPGA-based Time-to-Digital Converter to reconstruct the three-dimensional coordinates of single particles at high flux",
    journal = "Rev. Sci. Instrum.",
    year    = "2015",
    volume  = "86",
    number  = "11"
}
@INPROCEEDINGS {vernierTDC3_28,
    author    = "K. H. Prasad and V. B. Chandratre and P. Saxena and C. K. Pithawa",
    title     = "FPGA based Time-to-Digital Converter",
    booktitle = "Proceedings of the DAE Symp. on Nucl. Phys. 56 (2011)",
    pages     = "1044-1045"
}
@INPROCEEDINGS {properties1_29,
    author    = "W. M. Morse and K. W. Lai and R. C. Larsen and Y. Y. Lee and L. B. Leipuner and D. I. Lowenstein and D. M. Grannan and R. K. Adair and H. Kasha and R. G. Kellogg and M. J. Lauterbach and M. P. Schmidt",
    title     = "Properties of prompt muons produced by 28 GeV proton interactios",
    booktitle = "2008 AIP Conference Proceedings",
    volume    = "45",
    pages     = "129-137"
}
@ONLINE {properties2_30,
    author = "L. Liu",
    title  = "The Speed and Lifetime of Cosmic Ray Muons, Massachusetts Institute of Technology",
    month  = "November",
    year   = "2017",
    url    = "https://bit.ly/speed_of_muons"
}
@ARTICLE {podgorski2002_31,
    author  = "S. Kotz and J.J. Kozubowski and K. Podgorski",
    title   = "Maximum likelihood estimation of asymmetric Laplace parameters",
    journal = "Annals Inst. Stat. Math.",
    year    = "2002",
    volume  = "54",
    pages   = "816–826"
}
@MANUAL {inldnlref_32,
    title        = "Application Note 283: INL/DNL Measurements for types of High-Speed Analog-to-Digital Converters (ADCS)",
    organization = "Maxim Integrated Products",
    month        = "November",
    year         = "2001"
}
@ARTICLE {discovery_33,
    author  = "Carl D. Anderson and Seth H. Neddermeyer",
    title   = "Cloud Chamber Observations of Cosmic Rays at 4300 Meters Elevation and Near Sea-Level",
    journal = "J. Exp. Theor. Phy.",
    year    = "1936",
    volume  = "50",
    number  = "4",
    pages   = "236-271",
    month   = "August"
}
@ONLINE {genesys,
    title = "Digilent Genesys Board",
    url   = "https://bit.ly/digilent_genesys"
}
@ONLINE {dg645,
    title = "Digital Delay/Pulse Generator - DG645",
    url   = "https://bit.ly/srs_dg645"
}
@ARTICLE {muonDistribution_34,
    author  = "Prashant Shukla and Sundaresh Sankrith",
    title   = "Energy and angular distributions of atmospheric muons at the Earth",
    journal = "Intl. J. Modern Phy. A",
    year    = "2018",
    volume  = "33",
    number  = "30",
    pages   = "1850175"
}
@ONLINE {muonSpeed2_35,
    author = "Jason Gross",
    title  = "The Speed and Lifetime of Cosmic-Ray Muons, Massachusetts Institute of Technology",
    month  = "November",
    year   = "2011",
    url    = "https://bit.ly/speed_of_muons_2"
}
